@article{allenTalkingSomeoneDifferent2020,
  title = {Talking with Someone from a Different Social Class Requires More Brain Power, New Research Suggests},
  author = {Allen, V.},
  year = {2020},
  journal = {Daily Mail}
}

@incollection{cuddyWarmthCompetenceUniversal2008,
  title = {Warmth and Competence as Universal Dimensions of Social Perception: {{The}} Stereotype Content Model and the {{BIAS}} Map},
  booktitle = {Advances in Experimental Social Psychology},
  author = {Cuddy, A. J. C. and Fiske, S. T. and Glick, P.},
  year = {2008},
  edition = {M. P. Zanna},
  volume = {40},
  pages = {61--149},
  publisher = {{Elsevier Academic Press}}
}

@article{durantePoorWarmRich2017,
  title = {Poor but Warm, Rich but Cold (and {{Competent}}): {{Social}} Classes in the Stereotype Content Model},
  author = {Durante, F. and Tablante, C. B. and Fiske, S. T.},
  year = {2017},
  journal = {Journal of Social Issues},
  volume = {73},
  number = {1},
  pages = {138--157}
}

@book{fiskeFacingSocialClass2012,
  title = {Facing Social Class How Societal Rank Influences Interaction},
  author = {Fiske, S. T. and Markus, H. R.},
  year = {2012},
  publisher = {{Russell Sage Foundation}}
}

@article{krausSignsSocialClass2017,
  title = {Signs of Social Class: {{The}} Experience of Economic Inequality in Everyday Life},
  author = {Kraus, M. W. and Park, J. W. and Tan, J. J.},
  year = {2017},
  journal = {Perspectives on Psychological Science},
  volume = {12},
  number = {3},
  pages = {422--435}
}

@article{krausSocialClassSolipsism2012,
  title = {Social Class, Solipsism, and Contextualism: {{How}} the Rich Are Different from the Poor},
  author = {Kraus, M. W. and Piff, P. K. and {Mendoza-Denton}, R. and Rheinschmidt, M. L. and Keltner, D.},
  year = {2012},
  journal = {Psychological Review},
  volume = {119},
  number = {3},
  pages = {546--572}
}

@book{lareauUnequalChildhoodsClass2014,
  title = {Unequal Childhoods: {{Class}}, Race, and {{Family Life}}},
  author = {Lareau, A.},
  year = {2014},
  publisher = {{University of California Press}}
}

@article{mansteadPsychologySocialClass2018,
  title = {The Psychology of Social Class: {{How}} Socioeconomic Status Impacts Thought, Feelings, and Behaviour},
  author = {Manstead, A. S.},
  year = {2018},
  journal = {British Journal of Social Psychology},
  volume = {57},
  number = {2},
  pages = {267--291}
}

@article{piffUnpackingInequalityParadox2017,
  title = {Unpacking the Inequality Paradox: {{The}} Psychological Roots of Inequality and Social Class},
  author = {Piff, P. K. and Kraus, M. W. and Keltner, D.},
  year = {2017},
  journal = {Advances in Experimental Social Psychology},
  pages = {53--124}
}

@article{riveraClassAdvantageCommitment2016,
  title = {Class Advantage, Commitment Penalty: {{The}} Gendered Effect of Social Class Signals in an Elite Labor Market},
  author = {Rivera, L. A. and Tilcsik, A.},
  year = {2016},
  journal = {American Sociological Review},
  volume = {81},
  number = {6},
  pages = {1097--1131}
}

@incollection{stangorStudyStereotypingPrejudice2016,
  title = {The Study of Stereotyping, Prejudice, and Discrimination within Social Psychology: {{A}} Quick History of Theory and Research},
  booktitle = {Handbook of Prejudice, Stereotyping, and Discrimination},
  author = {Stangor, C.},
  year = {2016},
  edition = {T. D. Nelson},
  pages = {3--27},
  publisher = {{Psychology Press}}
}
